@article{morales2013tight,
 title={Tight and compact {MILP} formulation for the thermal unit commitment problem},
 author={Morales-Espa{\~n}a, G. and Latorre, J. M. and Ramos, A.},
 journal={IEEE Transactions on Power Systems},
 volume={28},
 number={4},
 pages={4897--4908},
 year={2013},
 publisher={IEEE}
}
@article{sridhar2013locally,
 title={Locally ideal formulations for piecewise linear functions with indicator variables},
 author={Sridhar, Srikrishna and Linderoth, Jeff and Luedtke, James},
 journal={Operations Research Letters},
 volume={41},
 number={6},
 pages={627--632},
 year={2013},
 publisher={Elsevier}
}
